

@InProceedings{typografia_cz,
author = {Milan Lelek},
title = {Krátce ze zahraničí},
booktitle = {Typografia},
publisher = {Digirama s.r.o.},
pages = "10--12",
year = {2014},
isbn = {0322-9068}
}

@InBook{latex_kompletni_pruvodce,
author = {Helmut Kopka, Patrik W. Daly},
translator = {Jan Gregor},
title = {\LaTeX \- podrobný provodce},
publisher = {Computer Press},
pages = "50--60",
chapter = "4",
year = {2004},
edition = {třetí},
isbn = {80-722-6973-9}
}

@misc{bibtex_alex,
author = {Alexander Feder},
journal = {Bib\TeX},
url = {http://www.bibtex.org},
note = {[online]. 2006 [vid.~2016-04-18]}
}

